@Inbook{Amatriain2011,
author="Amatriain, Xavier
and Jaimes*, Alejandro
and Oliver, Nuria
and Pujol, Josep M.",
editor="Ricci, Francesco
and Rokach, Lior
and Shapira, Bracha
and Kantor, Paul B.",
title="Data Mining Methods for Recommender Systems",
bookTitle="Recommender Systems Handbook",
year="2011",
publisher="Springer US",
address="Boston, MA",
pages="39--71",
isbn="978-0-387-85820-3",
doi="10.1007/978-0-387-85820-3_2",
url="https://doi.org/10.1007/978-0-387-85820-3_2"
}

@article{Jadalla:2008:PPD:1413814.1413815,
 author = {Jadalla, Ameera and Elnagar, Ashraf},
 title = {PDE4Java\&\#58; Plagiarism Detection Engine for Java Source Code\&\#58; a Clustering Approach},
 journal = {Int. J. Bus. Intell. Data Min.},
 issue_date = {September 2008},
 volume = {3},
 number = {2},
 month = sep,
 year = {2008},
 issn = {1743-8195},
 pages = {121--135},
 numpages = {15},
 url = {http://dx.doi.org/10.1504/IJBIDM.2008.020514},
 doi = {10.1504/IJBIDM.2008.020514},
 acmid = {1413815},
 publisher = {Inderscience Publishers},
 address = {Inderscience Publishers, Geneva, SWITZERLAND},
 keywords = {Java source code, Java tokenisation, clustering, code plagiarism, data mining, plagiarism detection, similarity measurement},
} 

@book{Maimon:2010:DMK:1869923,
 author = {Maimon, Oded and Rokach, Lior},
 title = {Data Mining and Knowledge Discovery Handbook},
 year = {2010},
 isbn = {0387098224, 9780387098227},
 edition = {2nd},
 publisher = {Springer Publishing Company, Incorporated},
} 

@inproceedings{Ko:2007:INC:1248820.1248867,
 author = {Ko, Andrew J. and DeLine, Robert and Venolia, Gina},
 title = {Information Needs in Collocated Software Development Teams},
 booktitle = {Proceedings of the 29th International Conference on Software Engineering},
 series = {ICSE '07},
 year = {2007},
 isbn = {0-7695-2828-7},
 pages = {344--353},
 numpages = {10},
 url = {http://dx.doi.org/10.1109/ICSE.2007.45},
 doi = {10.1109/ICSE.2007.45},
 acmid = {1248867},
 publisher = {IEEE Computer Society},
 address = {Washington, DC, USA},
}

@InProceedings{10.1007/978-0-387-09684-1_21,
author="Umarji, Medha
and Sim, Susan Elliott
and Lopes, Crista",
editor="Russo, Barbara
and Damiani, Ernesto
and Hissam, Scott
and Lundell, Bj{\"o}rn
and Succi, Giancarlo",
title="Archetypal Internet-Scale Source Code Searching",
booktitle="Open Source Development, Communities and Quality",
year="2008",
publisher="Springer US",
address="Boston, MA",
pages="257--263",
isbn="978-0-387-09684-1"
}

@article{Stolee:2014:SSS:2628068.2581377,
 author = {Stolee, Kathryn T. and Elbaum, Sebastian and Dobos, Daniel},
 title = {Solving the Search for Source Code},
 journal = {ACM Trans. Softw. Eng. Methodol.},
 issue_date = {May 2014},
 volume = {23},
 number = {3},
 month = jun,
 year = {2014},
 issn = {1049-331X},
 pages = {26:1--26:45},
 articleno = {26},
 numpages = {45},
 url = {http://doi.acm.org/10.1145/2581377},
 doi = {10.1145/2581377},
 acmid = {2581377},
 publisher = {ACM},
 address = {New York, NY, USA},
 keywords = {SMT solvers, Semantic code search, lightweight specification, symbolic analysis},
}

@inproceedings{Ponzanelli:2014:PSR:2705615.2706035,
 author = {Ponzanelli, Luca and Bavota, Gabriele and Penta, Massimiliano Di and Oliveto, Rocco and Lanza, Michele},
 title = {Prompter: A Self-Confident Recommender System},
 booktitle = {Proceedings of the 2014 IEEE International Conference on Software Maintenance and Evolution},
 series = {ICSME '14},
 year = {2014},
 isbn = {978-1-4799-6146-7},
 pages = {577--580},
 numpages = {4},
 url = {http://dx.doi.org/10.1109/ICSME.2014.99},
 doi = {10.1109/ICSME.2014.99},
 acmid = {2706035},
 publisher = {IEEE Computer Society},
 address = {Washington, DC, USA},
} 

@inproceedings{Brandt:2009:TSO:1518701.1518944,
 author = {Brandt, Joel and Guo, Philip J. and Lewenstein, Joel and Dontcheva, Mira and Klemmer, Scott R.},
 title = {Two Studies of Opportunistic Programming: Interleaving Web Foraging, Learning, and Writing Code},
 booktitle = {Proceedings of the SIGCHI Conference on Human Factors in Computing Systems},
 series = {CHI '09},
 year = {2009},
 isbn = {978-1-60558-246-7},
 location = {Boston, MA, USA},
 pages = {1589--1598},
 numpages = {10},
 url = {http://doi.acm.org/10.1145/1518701.1518944},
 doi = {10.1145/1518701.1518944},
 acmid = {1518944},
 publisher = {ACM},
 address = {New York, NY, USA},
 keywords = {copy-and-paste, opportunistic programming, prototyping},
}

@techreport{monperrus:hal-00987395,
  TITLE = {{Debugging with the Crowd: a Debug Recommendation System based on Stackoverflow}},
  AUTHOR = {Monperrus, Martin and Maia, Anthony},
  URL = {https://hal.archives-ouvertes.fr/hal-00987395},
  TYPE = {Research Report},
  NUMBER = {hal-00987395},
  INSTITUTION = {{Universit{\'e} Lille 1 - Sciences et Technologies}},
  YEAR = {2014},
  PDF = {https://hal.archives-ouvertes.fr/hal-00987395/file/article.pdf},
  HAL_ID = {hal-00987395},
  HAL_VERSION = {v1},
}

@inproceedings{Ponzanelli:2013:SSO:2486788.2486988,
 author = {Ponzanelli, Luca and Bacchelli, Alberto and Lanza, Michele},
 title = {Seahawk: Stack Overflow in the IDE},
 booktitle = {Proceedings of the 2013 International Conference on Software Engineering},
 series = {ICSE '13},
 year = {2013},
 isbn = {978-1-4673-3076-3},
 location = {San Francisco, CA, USA},
 pages = {1295--1298},
 numpages = {4},
 url = {http://dl.acm.org/citation.cfm?id=2486788.2486988},
 acmid = {2486988},
 publisher = {IEEE Press},
 address = {Piscataway, NJ, USA},
} 

@article{Xiao:2007:EPR:2017327.2017335,
 author = {Xiao, Bo and Benbasat, Izak},
 title = {E-commerce Product Recommendation Agents: Use, Characteristics, and Impact},
 journal = {MIS Q.},
 issue_date = {March 2007},
 volume = {31},
 number = {1},
 month = mar,
 year = {2007},
 issn = {0276-7783},
 pages = {137--209},
 numpages = {73},
 url = {http://dl.acm.org/citation.cfm?id=2017327.2017335},
 acmid = {2017335},
 publisher = {Society for Information Management and The Management Information Systems Research Center},
 address = {Minneapolis, MN, USA},
 keywords = {adoption, consumer decision making, electronic commerce, product recommendation agent, trust},
}

@Inbook{Aggarwal2016,
author="Aggarwal, Charu C.",
title="An Introduction to Recommender Systems",
bookTitle="Recommender Systems: The Textbook",
year="2016",
publisher="Springer International Publishing",
address="Cham",
pages="1--28",
isbn="978-3-319-29659-3",
doi="10.1007/978-3-319-29659-3_1",
url="https://doi.org/10.1007/978-3-319-29659-3_1"
}

@inbook{jannach_zanker_felfernig_friedrich_2010,
place={Cambridge},
title={Introduction},
DOI={10.1017/CBO9780511763113.003},
booktitle={Recommender Systems: An Introduction},
publisher={Cambridge University Press},
author={Jannach, Dietmar and Zanker, Markus and Felfernig, Alexander and Friedrich, Gerhard},
year={2010},
pages={1–10}}

@book{Rajaraman:2011:MMD:2124405,
 author = {Rajaraman, Anand and Ullman, Jeffrey David},
 title = {Mining of Massive Datasets},
 year = {2011},
 isbn = {1107015359, 9781107015357},
 publisher = {Cambridge University Press},
 address = {New York, NY, USA},
}

@misc{britannica_2017,
title={Plagiarism},
url={https://www.britannica.com/topic/plagiarism},
journal={Encyclopædia Britannica},
publisher={Encyclopædia Britannica, inc.},
author={Britannica, The Editors of Encyclopaedia},
year={2017},
month={Nov}
}

@inproceedings{Beth2014ACO,
  title={A Comparison of Similarity Techniques for Detecting Source Code Plagiarism},
  author={Bradley Beth},
  year={2014}
}

@inproceedings{Arwin:2006:PDA:1151699.1151730,
 author = {Arwin, Christian and Tahaghoghi, S. M. M.},
 title = {Plagiarism Detection Across Programming Languages},
 booktitle = {Proceedings of the 29th Australasian Computer Science Conference - Volume 48},
 series = {ACSC '06},
 year = {2006},
 isbn = {1-920682-30-9},
 location = {Hobart, Australia},
 pages = {277--286},
 numpages = {10},
 url = {http://dl.acm.org/citation.cfm?id=1151699.1151730},
 acmid = {1151730},
 publisher = {Australian Computer Society, Inc.},
 address = {Darlinghurst, Australia, Australia},
 keywords = {plagiarism detection, program source code similarity},
}

@article{Roy07asurvey,
    author = {Chanchal Kumar Roy and James R. Cordy},
    title = {A Survey on Software Clone Detection Research},
    journal = {SCHOOL OF COMPUTING TR 2007-541, QUEEN’S UNIVERSITY},
    year = {2007},
    volume = {115}
}

@inproceedings{Lindkvist2005WinnowingA,
  title={Winnowing , a Document Fingerprinting Algorithm},
  author={Tina Lindkvist},
  year={2005}
}

@misc{grattan_2017,
title={MinHash Implementation in C\#},
url={https://nickgrattandatascience.wordpress.com/2013/11/12/minhash-implementation-in-c/},
journal={Nick Grattan's Data Science Blog},
author={Grattan, Nick},
year={2017},
month={Dec}
}

@InProceedings{10.1007/978-3-642-33442-9_45,
author="Piatov, Danila
and Janes, Andrea
and Sillitti, Alberto
and Succi, Giancarlo",
editor="Imed Hammouda; Bj{\"o}rn Lundell; Tommi Mikkonen; Walt Scacchi",
title="Using the Eclipse C/C++ Development Tooling as a Robust, Fully Functional, Actively Maintained, Open Source C++ Parser",
booktitle="Open Source Systems: Long-Term Sustainability",
year="2012",
publisher="Springer Berlin Heidelberg",
address="Berlin, Heidelberg",
pages="399--399",
isbn="978-3-642-33442-9"
}

@misc {coms699812,
title={COMS 6998-12: Dealing with Massive Data, Lecture 1: Duplicate Detection},
author={Sergei Vassilvitskii},
howpublished={University Lecture},
url={http://www.cs.columbia.edu/~coms699812/lecture1.pdf},
urldate={2018-11-07},
day={24},
month={January},
year={2011}
}

@misc {CAAY5AM3Cj,
title={Re: BUG \#7844: xpath missing entity decoding - bug or feature},
author={Dan Scott (denials(at)gmail(dot)com)},
howpublished={PostgreSQL - bugs mailing list},
url={https://www.postgresql.org/message-id/CAAY5AM3CjMcq2qMUX6gBPPcT%2BH9xDCjJb0tAGbrW3ra9SytJfA%40mail.gmail.com},
urldate={2013-11-07}
}

@article{Burrows:2007:EPD:1228662.1228664,
 author = {Burrows, Steven and Tahaghoghi, S. M. M. and Zobel, Justin},
 title = {Efficient Plagiarism Detection for Large Code Repositories},
 journal = {Softw. Pract. Exper.},
 issue_date = {February 2007},
 volume = {37},
 number = {2},
 month = feb,
 year = {2007},
 issn = {0038-0644},
 pages = {151--175},
 numpages = {25},
 url = {http://dx.doi.org/10.1002/spe.v37:2},
 doi = {10.1002/spe.v37:2},
 acmid = {1228664},
 publisher = {John Wiley \& Sons, Inc.},
 address = {New York, NY, USA},
 keywords = {indexing, local alignment, plagiarism detection, program code similarity},
} 

misc {14985946,
title={PostgreSQL replace HTML entities function},
author={Clodoaldo Neto (https://stackoverflow.com/users/131874/clodoaldo-neto)},
howpublished={Stack Overflow},
url={https://stackoverflow.com/a/14985946},
urldate={2013-02-20}
}
